%% This BibTeX bibliography file was created using BibDesk.
%% http://bibdesk.sourceforge.net/


%% Created for Aleksandr Motsjonov at 2010-10-31 12:15:32 +0200 


%% Saved with string encoding Unicode (UTF-8) 

@webpage{GoGameWiki,
	Lastchecked = {10.10.2010},
	Key = {GoGameWiki},
	Title = {Go},
	Url = {http://en.wikipedia.org/wiki/Go\_game},
	Year = {2010}}
	
@webpage{AIChallangeFAQ,
	Date-Added = {2010-10-31 12:15:04 +0200},
	Date-Modified = {2010-10-31 12:15:32 +0200},
	Lastchecked = {10.10.2010},
	Key={AIChallangeFAQ},
	Month = {10},
	Title = {Google AI Challenge FAQ},
	Url = {http://ai-contest.com/faq.php},
	Year = {2010}}

@webpage{PlanetWarsSpec,
	Date-Added = {2010-10-31 01:42:05 +0300},
	Date-Modified = {2010-10-31 01:42:48 +0300},
	Lastchecked = {30.10.2010},
	Key = {PlanetWarsSpec},
	Month = {10},
	Title = {Planet Wars Specification},
	Url = {http://www.ai-contest.com/specification.php},
	Year = {2010}}

@webpage{PlayingToLose,
	Author = {Soren Johnson},
	Date-Added = {2010-10-30 11:55:30 +0300},
	Date-Modified = {2010-10-30 14:13:09 +0300},
	Lastchecked = {30.10.2010},
	Month = {09},
	Title = {Playing to Lose: AI and ``Civilization''},
	Url = {http://www.youtube.com/watch?v=IJcuQQ1eWWI},
	Year = {2010},
	Bdsk-Url-1 = {http://www.youtube.com/watch?v=IJcuQQ1eWWI}}

@book{russell1995,
	Author = {Russell, S.J. and Norvig, P.},
	Publisher = {Prentice hall},
	Title = {{Artificial intelligence: a modern approach}},
	Year = {1995}}

@book{millington2009,
	Author = {Millington, I. and Funge, J.},
	Publisher = {Morgan Kaufmann},
	Title = {{Artificial intelligence for games}},
	Year = {2009}}

@article{alan1950,
	Author = {Alan, M.},
	Journal = {Mind},
	Number = {236},
	Pages = {433--460},
	Title = {{Turing. Computing machinery and intelligence}},
	Volume = {59},
	Year = {1950}}

@article{searle1980,
	Author = {Searle, J.R.},
	Journal = {Behavioral and brain sciences},
	Number = {03},
	Pages = {417--424},
	Publisher = {Cambridge Univ Press},
	Title = {{Minds, brains, and programs}},
	Volume = {3},
	Year = {1980}}

@book{rambidi2002,
	Author = {Рамбиди, НГ and Гребенников, ЕП and Адамацкий, АИ and Девятков, АГ and Яковенчук, ДВ},
	Publisher = {Радиотехника М},
	Title = {{Биомолекулярные нейросетевые устройства}},
	Year = {2002}}

@article{mcculloch1943,
	Author = {McCulloch, W.S. and Pitts, W.},
	Journal = {Bulletin of Mathematical Biophysics},
	Number = {1},
	Pages = {15--137},
	Title = {{A logical calculus of the ideas immanent in neural nets}},
	Volume = {5},
	Year = {1943}}

@book{buckland2005,
	Author = {Buckland, M.},
	Isbn = {1556220782},
	Publisher = {Wordware},
	Title = {{Programming game AI by example}},
	Year = {2005}}

@book{morgenstern1947,
	Author = {Morgenstern, O. and Von Neumann, J.},
	Publisher = {Princeton University Press Princeton, NJ},
	Title = {{Theory of games and economic behavior}},
	Year = {1947}}

@book{tzu1971art,
  title={{The art of war}},
  author={Tzu, S.},
  year={6 век до Н.Э.}
}

@book{cormen2001,
  title={{Introduction to algorithms}},
  author={Cormen, T.H.},
  isbn={0262032937},
  year={2001},
  publisher={The MIT press}
}

@book{haykin1994neural,
  title={{Neural networks: a comprehensive foundation}},
  author={Haykin, S.},
  isbn={0023527617},
  year={1994},
  publisher={Prentice Hall PTR Upper Saddle River, NJ, USA}
}

@article{moravec1998will,
  title={{When will computer hardware match the human brain}},
  author={Moravec, H.},
  journal={Journal of Evolution and Technology},
  volume={1},
  number={1},
  year={1998},
  publisher={Citeseer}
}

